%% This BibTeX bibliography file was created using BibDesk.
%% http://bibdesk.sourceforge.net/


%% Created for Bret Comnes at 2013-05-20 12:16:17 -0700 


%% Saved with string encoding Unicode (UTF-8) 



@book{mc,
	Author = {McIntyre, David H.},
	Date-Added = {2013-05-19 23:51:26 -0700},
	Date-Modified = {2013-05-20 19:16:17 +0000},
	Edition = {1st},
	Publisher = {Pearson Addison-Wesley},
	Title = {Quantum Mechanics},
	Year = {2012}}
